<collection xmlns="http://www.loc.gov/MARC21/slim"><record><leader>00725nam  2200205   450</leader><controlfield tag="001">784</controlfield><controlfield tag="003">http://montalegre.opacnet.com/OPAC/default.aspx?ContentAreaControl=ShowRegHoldings.ascx&amp;RegNo=16662</controlfield><datafield tag="095" ind1=" " ind2=" "><subfield code="a">PTBN00282053</subfield></datafield><datafield tag="100" ind1=" " ind2=" "><subfield code="a">19950229d1975    m  y0pory0103    ba</subfield></datafield><datafield tag="101" ind1="1" ind2=" "><subfield code="a">por</subfield><subfield code="e">eng</subfield></datafield><datafield tag="102" ind1=" " ind2=" "><subfield code="a">PT</subfield></datafield><datafield tag="200" ind1="1" ind2=" "><subfield code="a">&lt;O &gt;doutor Arrowsmith</subfield><subfield code="f">Sinclair Lewis</subfield><subfield code="g">trad. Juvenal Jacinto</subfield></datafield><datafield tag="210" ind1=" " ind2=" "><subfield code="a">Lisboa</subfield><subfield code="c">Livros do Brasil</subfield><subfield code="d">[D.L. 1975]</subfield></datafield><datafield tag="215" ind1=" " ind2=" "><subfield code="a">424, [3] p.</subfield><subfield code="d">22 cm</subfield></datafield><datafield tag="225" ind1="2" ind2=" "><subfield code="a">Dois mundos</subfield><subfield code="v">11</subfield></datafield><datafield tag="675" ind1=" " ind2=" "><subfield code="a">821.111(73)-31"19"</subfield><subfield code="v">BN</subfield><subfield code="z">por</subfield><subfield code="v">BN</subfield><subfield code="z">por</subfield><subfield code="3">290736</subfield></datafield><datafield tag="700" ind1=" " ind2="1"><subfield code="a">Lewis</subfield><subfield code="b">Sinclair</subfield><subfield code="f">1885-1951</subfield><subfield code="3">63239</subfield></datafield><datafield tag="702" ind1=" " ind2="1"><subfield code="a">Jacinto</subfield><subfield code="b">Juvenal</subfield><subfield code="4">730</subfield><subfield code="3">42283</subfield></datafield><datafield tag="801" ind1=" " ind2="0"><subfield code="a">PT</subfield><subfield code="b">Biblioteca Municipal de Montalegre</subfield><subfield code="g">RPC</subfield></datafield><datafield tag="856" ind1=" " ind2=" "><subfield code="u">locateMedia.asp?cod=20060621144528&amp;ext=jpg</subfield><subfield code="z">CAPA</subfield></datafield><datafield tag="909" ind1="&#9;" ind2=" "><subfield code="a">1</subfield></datafield><datafield tag="966" ind1=" " ind2=" "><subfield code="a">0008996</subfield><subfield code="l">BMM</subfield><subfield code="s">SCG 821 LEW dou 11</subfield></datafield></record></collection>